@misc{nocash,
	title={Documentation générale du fonctionnement de la GameBoy "Pan Docs"\\},
	author={NoCash\\},
	howpublished={\url{http://nocash.emubase.de/pandocs.htm}}
}
